
@Article{SMA16TAC,
  author =       " S. Mou and M. A. Belabbas  and A. S.Morse and Z. Sun and B. D. O. Anderson",
  title =        " Undirected Formations are Problematic",
  journal =      "IEEE Transactions on Automatic Control",
year=2016,
volume=61,
number=10,
pages="2821-2836"
}





